<record xmlns='http://www.loc.gov/MARC21/slim'><leader>01416cam a22003135  4500</leader><controlfield tag='001'>9999208528235064213506421</controlfield><controlfield tag='005'>20200806144651.0</controlfield><controlfield tag='008'>980930s1582    it            000 0 ita d</controlfield><datafield ind1='7' ind2=' ' tag='024'><subfield code='a'>2196</subfield><subfield code='2'>cico</subfield></datafield><datafield ind1='7' ind2=' ' tag='024'><subfield code='a'>dcl:s7z</subfield><subfield code='2'>dclib</subfield></datafield><datafield ind1=' ' ind2=' ' tag='035'><subfield code='a'>(OCoLC)ocm39966085</subfield></datafield><datafield ind1=' ' ind2=' ' tag='035'><subfield code='9'>CHW2183TS</subfield></datafield><datafield ind1=' ' ind2=' ' tag='035'><subfield code='a'>9920852823506421</subfield></datafield><datafield ind1=' ' ind2=' ' tag='035'><subfield code='a'>(NjP)9920852823506421-princetondb</subfield></datafield><datafield ind1=' ' ind2=' ' tag='040'><subfield code='a'>PUL</subfield><subfield code='c'>PUL</subfield></datafield><datafield ind1=' ' ind2='4' tag='050'><subfield code='a'>N61</subfield></datafield><datafield ind1='1' ind2=' ' tag='100'><subfield code='a'>Ammannati, Bartolomeo,</subfield><subfield code='d'>1511-1592.</subfield><subfield code='0'>http://id.loc.gov/authorities/names/n88202399</subfield></datafield><datafield ind1='0' ind2='0' tag='245'><subfield code='a'>Lettera di messer Bartolomeo Ammannati architetto, e scvltor fiorentino.</subfield><subfield code='b'>A gli honoratissimi Accademici del Disegno.</subfield></datafield><datafield ind1=' ' ind2=' ' tag='260'><subfield code='a'>In Firenze,</subfield><subfield code='b'>Nella stamperia di B. Sermartelli,</subfield><subfield code='c'>1582.</subfield></datafield><datafield ind1=' ' ind2=' ' tag='300'><subfield code='a'>[15] p.</subfield><subfield code='c'>24 cm.</subfield></datafield><datafield ind1=' ' ind2=' ' tag='500'><subfield code='a'>One instance of bracket made in iron gall ink in margin, text otherwise clean.</subfield></datafield><datafield ind1=' ' ind2=' ' tag='500'><subfield code='a'>Bookseller&apos;s stamp: Sansoni Antiquariato Via Ricasoli, 44 Firenze&quot;.</subfield></datafield><datafield ind1='4' ind2=' ' tag='510'><subfield code='a'>Catalogo ragionato dei libri d&apos;arte e d&apos;antichità posseduti dal conte Cicognara</subfield><subfield code='c'>2196D</subfield></datafield><datafield ind1=' ' ind2=' ' tag='530'><subfield code='a'>Also available in an electronic version.</subfield></datafield><datafield ind1='2' ind2='0' tag='610'><subfield code='a'>Accademia delle arti del disegno (Florence, Italy)</subfield><subfield code='0'>http://id.loc.gov/authorities/names/n83204698</subfield></datafield><datafield ind1=' ' ind2='0' tag='650'><subfield code='a'>Artists</subfield><subfield code='v'>Correspondence.</subfield><subfield code='0'>http://id.loc.gov/authorities/subjects/sh2009115983</subfield></datafield><datafield ind1=' ' ind2='0' tag='650'><subfield code='a'>Art</subfield><subfield code='v'>Early works to 1800.</subfield><subfield code='0'>http://id.loc.gov/authorities/subjects/sh2007101417</subfield></datafield><datafield ind1='4' ind2='1' tag='856'><subfield code='u'>http://arks.princeton.edu/ark:/88435/8623j137z</subfield></datafield><datafield ind1=' ' ind2=' ' tag='911'><subfield code='a'>19981222</subfield></datafield><datafield ind1=' ' ind2=' ' tag='945'><subfield code='a'>SA</subfield><subfield code='b'>1</subfield><subfield code='c'>N61</subfield><subfield code='d'>.A51</subfield></datafield><datafield ind1=' ' ind2=' ' tag='AVA'><subfield code='0'>9999208528235064213506421</subfield><subfield code='8'>22702754130006421</subfield><subfield code='a'>01PRI_INST</subfield><subfield code='b'>marquand</subfield><subfield code='c'>Rare Books</subfield><subfield code='d'>N61 .A51</subfield><subfield code='e'>check_holdings</subfield><subfield code='j'>x</subfield><subfield code='k'>0</subfield><subfield code='p'>1</subfield><subfield code='q'>Marquand Library</subfield></datafield><datafield ind1=' ' ind2=' ' tag='AVE'><subfield code='8'>53865603210006421</subfield><subfield code='e'>Available</subfield><subfield code='l'>online</subfield><subfield code='a'>01PRI_INST</subfield><subfield code='0'>9999208528235064213506421</subfield></datafield></record>
